<?xml version="1.0" encoding="UTF-8"?><collection xmlns="http://www.loc.gov/MARC21/slim"><record><leader>00480nam--2200145-i-4500</leader><controlfield tag="001">000020149</controlfield><controlfield tag="002">20161230</controlfield><controlfield tag="005">20161230201033</controlfield><controlfield tag="008">060222s1000------------r-----000-0-eng-d</controlfield><datafield ind1=" " ind2=" " tag="080"><subfield code="a">530.12</subfield></datafield><datafield ind1=" " ind2=" " tag="100"><subfield code="a">Fokker, A.D</subfield></datafield><datafield ind1=" " ind2=" " tag="245"><subfield code="a">Time and space weight and inertia. a chromogeometrical introduction to einstein`s theory.translated by bijl, d</subfield></datafield><datafield ind1=" " ind2=" " tag="260"><subfield code="a">Oxford, Pergamon Press, 1965.  Xv + 188 P</subfield></datafield><datafield ind1=" " ind2=" " tag="490"><subfield code="a">International Series Of Monographs In Natural Philosophy</subfield></datafield><datafield ind1=" " ind2=" " tag="852"><subfield code="a">75335</subfield></datafield></record></collection>